// BOOKS

@book{polanyi:1944,
    title={The Great Transformation},
    author={Karl Polanyi},
    isbn={9780807056431},
    year={1944},
    publisher={Farrar \& Rinehart},
    keywords={political economy}
}

@book{whitehead,
    title={Process and Reality (Gifford Lectures Delivered in the University of Edinburgh During the Session 1927-28)},
    author={Alfred N. Whitehead},
    isbn={9780029345702},
    year={1979},
    edition={2},
    publisher={Free Press},
    keywords={math, philosophy}
}

@book{pirsig,
    title={Zen and the Art of Motorcycle Maintenance: An Inquiry Into Values},
    author={Robert M. Pirsig},
    isbn={9780553088809},
    year={1975},
    publisher={Bantam},
    keywords={history, philosophy}
}

@book{oneil,
    title={Weapons of Math Destruction},
    author={Cathy O'Neil},
    isbn={9780553418811},
    year={2016},
    publisher={Crown},
    keywords={math, social science}
}

@book{gowers,
    title={The Princeton Companion to Mathematics},
    author={Timothy Gowers and June Barrow-Green and Imre Leader},
    isbn={9780691118802},
    year={2008},
    publisher={Princeton University Press},
    keywords={math}
}

@book{ore,
    title={Number Theory and its History},
    author={Oystein Ore},
    isbn={9780486656205},
    year={1988},
    publisher={Dover Publications},
    keywords={math, history}
}

@book{cover,
    title={Elements of Information Theory},
    author={Thomas M. Cover and Joy A. Thomas},
    isbn={9780471241959},
    year={2006},
    publisher={Wiley-Interscience},
    edition={2},
    keywords={math, computer science}
}

@book{hobbes,
    title={Leviathan},
    author={Thomas Hobbes},
    isbn={9780140431957},
    year={1982},
    publisher={Penguin Classics},
    keywords={philosophy, political science}
}

@book{deacon,
    title={The Symbolic Species: The Co-evolution of Language and the Brain},
    author={Terrence W. Deacon},
    isbn={9780393317541},
    year={1998},
    publisher={W. W. Norton \& Company},
    keywords={anthropology, linguistics}
}

@book{smith,
    title={An Inquiry into the Nature and Causes of the Wealth of Nations},
    author={Adam Smith},
    isbn={9780679783367},
    year={1776},
    publisher={W. Strahan and T. Cadell},
    keywords={economics}
}

@book{heilbroner,
    title={The Worldly Philosophers: the Lives, Times, and Ideas of the Great Economic Thinkers},
    author={Robert L. Heilbroner},
    isbn={9780684862149},
    year={1999},
    publisher={Touchstone},
    keywords={economics, history}
}

@book{mukherjee,
    title={The Emperor of All Maladies: A Biography of Cancer},
    author={Siddhartha Mukherjee},
    isbn={9781439170915},
    year={2011},
    publisher={Scribner},
    keywords={history, medicine}
}

@book{ferguson,
    title={The Ascent of Money: A Financial History of the World},
    author={Niall Ferguson},
    isbn={9780143116172},
    year={2009},
    publisher={Penguin Books},
    keywords={history, economics}
}

@book{couturat,
    title={La Logique de Leibniz},
    author={Louis Couturat},
    isbn={},
    year={1901},
    publisher={Felix Alcan},
    keywords={history, economics}
}

@book{bianchi,
    title={The Active Consumer: Novelty and Surprise in Consumer Choice},
    author={Marina Bianchi},
    isbn={9781138007147},
    year={2014},
    publisher={Routledge},
    keywords={economics}
}

@book{gibran,
    title={The Prophet},
    author={Kahlil Gibran},
    isbn={9780394404288},
    year={1923},
    publisher={Alfred A. Knopf},
    keywords={philosophy}
}

@book{wilber,
    title={Sex, Ecology, Spirituality: The Spirit of Evolution},
    author={Ken Wilber},
    isbn={9781570627446},
    year={2001},
    edition={2},
    publisher={Shambhala},
    keywords={philosophy}
}

@book{minsky,
    title={Stabilizing an Unstable Economy},
    author={Hyman P. Minsky},
    isbn={9780071592994},
    year={2008},
    edition={1},
    publisher={McGraw-Hill Education},
    keywords={economics, history}
}

@book{lakoff03,
    title={Metaphors We Live By},
    author={George Lakoff, Mark Johnson},
    isbn={9780226468013},
    year={2003},
    edition={1},
    publisher={University Of Chicago Press},
    keywords={cognitive science, linguistics}
}

@book{lakoff14,
    title={The ALL NEW Don't Think of an Elephant!: Know Your Values and Frame the Debate},
    author={George Lakoff},
    isbn={9781603585941},
    year={2014},
    edition={2},
    publisher={ Chelsea Green Publishing},
    keywords={cognitive science, linguistics}
}

@book{popper,
	title={Conjectures and Refutations: The Growth of Scientific Knowledge},
	author={Karl R. Popper},
    isbn={9780415285940},
    year={2002},
    edition={2},
    publisher={Routledge},
    keywords={philosophy}
}

@book{kuhn,
	title={The Structure of Scientific Revolutions},
	author={Thomas S. Kuhn},
    isbn={9780226458083},
    year={1996},
    edition={3},
    publisher={University of Chicago Press},
    keywords={philosophy}
}

@book{foucault,
	title={The Order of Things: An Archaeology of the Human Sciences},
	author={Michel Foucault},
    isbn={9780679753353},
    year={1994},
    edition={Reissue},
    publisher={Vintage},
    keywords={philosophy}
}

@book{arrow,
	title={Social Choice and Individual Values},
	author={Kenneth J. Arrow},
    isbn={9780300013641},
    year={1970},
    edition={2},
    publisher={Yale University Press},
    keywords={economics}
}

@book{doxiadis,
	title={Logicomix: An Epic Search for Truth},
	author={Apostolos Doxiadis and Christos Papadimitriou},
    isbn={9781596914520},
    year={2009},
    edition={1},
    publisher={Bloomsbury USA},
    keywords={math, history}
}

@book{hofstadter,
	title={G{\"o}del, Escher, Bach: An Eternal Golden Braid},
	author={Douglas R. Hofstadter},
    isbn={9780465026562},
    year={1979},
    publisher={Basic Books},
    keywords={math, philosophy}
}

// ARTICLES

@article{dunbar:1992,
	title={Neocortex size as a constraint on group size in primates},
	author={R.I.M. Dunbar},
	journal={Journal of Human Evolution},
	year={1992},
	url={http://www.sciencedirect.com/science/article/pii/004724849290081J},
	keywords={anthropology}
}

@article{danezis:2006,
	title={On Network formation (Sybil attacks and Reputation systems)},
	author={George Danezis and Stefan Schiffner},
	year={2006},
	url={http://dimacs.rutgers.edu/Workshops/InformationSecurity/slides/gamesandreputation.pdf},
	keywords={security}
}

@inproceedings{aitamurto:2016,
	author={Tanja Aitamurto and Kaiping Chen and Ahmed Cherif and Jorge Saldivar Galli and Luis Santana},
	title={Civic CrowdAnalytics: Making Sense of Crowdsourced Civic Input with Big Data Tools},
	booktitle={Proceedings of the 20th International Academic Mindtrek Conference},
	year={2016},
	url={http://doi.acm.org/10.1145/2994310.2994366},
	keywords={civic engagement, crowdsourcing, democratic innovations, knowledge discovery, participatory democracy, policymaking}
}

@inproceedings{lee:2015,
	author={David T. Lee},
	title={Efficient, Private, and $\epsilon$-strategyproof Elicitation of Tournament Voting Rules},
	booktitle={Proceedings of the 24th International Conference on Artificial Intelligence},
	year={2015},
	url={http://dl.acm.org/citation.cfm?id=2832415.2832530}
} 

@article{landau:1953,
	title={On dominance relations and the structure of animal societies: III The condition for a score structure},
	author={H. G. Landau},
	journal={The bulletin of mathematical biophysics},
	year={1953},
	url={http://link.springer.com/article/10.1007%2FBF02476378},
	keywords={math}
}


@article{erdos:1959,
	title={Graph theory and probability},
	author={Paul Erd{\H o}s},
	journal={Canadian Journal of Mathematics},
	year={1959},
	url={http://www.math-inst.hu/~p_erdos/1959-06.pdf},
	keywords={math}
}

@article{dentreves:2016,
	title={Hannah Arendt},
	author={Maurizio Passerin d'Entreves},
	journal={The Stanford Encyclopedia of Philosophy (Winter 2016 Edition)},
	year={2016},
	url={https://plato.stanford.edu/archives/win2016/entries/arendt/},
	keywords={political Science}
}

@article{shahriari:2016,
	title={Taking the Human Out of the Loop: A Review of Bayesian Optimization},
	author={Bobak Shahriari and Kevin Swersky and Ziyu Wang and Ryan P. Adams and Nando de Freitas},
	journal={Proceedings of the IEEE},
	year={2016},
	url={http://ieeexplore.ieee.org/stamp/stamp.jsp?arnumber=7352306},
	keywords={machine learning}
}

@article{jamieson:2004,
	title={Likert Scales: How to (Ab)use Them},
	author={Susan Jamieson},
	journal={Medical Education},
	year={2004},
	url={http://dx.doi.org.ezproxy.cul.columbia.edu/10.1111/j.1365-2929.2004.02012.x},
	keywords={social science}
}

@article{campbell:1959,
	title={Convergent and discriminant validation by the multitrait-multimethod matrix},
	author={Donald T. Campbell and Donald W. Fiske},
	journal={Psychological Bulletin},
	year={1959},
	url={http://psycnet.apa.org/journals/bul/56/2/81/},
	keywords={social science}
}

@article{cronbach:1955,
	title={Construct Validity in Psychological Tests},
	author={Lee J. Cronbach and Paul E. Meehl},
	journal={Psychological Bulletin},
	year={1955},
	url={http://psychclassics.yorku.ca/Cronbach/construct.htm},
	keywords={social science}
}

@article{blei:2016,
	title={Variational Inference: A Review for Statisticians},
	author={David M. Blei and Alp Kucukelbir and Jon D. McAuliffe},
	journal={arXiv},
	year={2016},
	url={https://arxiv.org/pdf/1601.00670.pdf},
	keywords={machine learning}
}

@article{airoldi:2008,
	title={Mixed Membership Stochastic Blockmodels},
	author={Edoardo M. Airoldi and David M. Blei and Stephen E. Fienberg and Eric P. Xing},
	journal={Journal of Machine Learning Research},
	year={2008},
	url={http://dblp.uni-trier.de/rec/bib/journals/jmlr/AiroldiBFX08},
	keywords={machine learning}
}


@article{reilly:2002,
	title={Social Choice in the South Seas: Electoral Innovation and the Borda Count in the Pacific Island Countries},
	author={Benjamin Reilly},
	journal={International Political Science Review},
	year={2002},
	url={http://journals.sagepub.com/doi/abs/10.1177/0192512102023004002},
	keywords={political science}
}

@article{geanakoplos:2005,
	title={Three Brief Proofs of Arrow's Impossibility Theorem},
	author={John Geanakoplos},
	journal={Economic Theory},
	year={2005},
	url={http://www.jstor.org/stable/25055941},
	keywords={economics}
}

@article{landau:1915,
	title={{\"U}ber Preisverteilung bei Spielturnieren},
	author={Edmund Landau},
	journal={Zeitschrift f{\"u}r Mathematik und Physik},
	year={1915},
	url={http://iris.univ-lille1.fr/handle/1908/2031},
	keywords={math}
}

@article{brin,
	title={The Anatomy of a Large-Scale Hypertextual Web Search Engine},
	author={Sergey Brin and Lawrence Page},
	journal={Computer Networks and ISDN Systems},
	year={1998},
	url={http://infolab.stanford.edu/pub/papers/google.pdf},
	keywords={computer science}
}

@article{wadler,
	title={Propositions as Types},
	author={Philip Wadler},
	journal={Communications of the ACM},
	year={2015},
	url={http://homepages.inf.ed.ac.uk/wadler/papers/propositions-as-types/propositions-as-types.pdf},
	keywords={math, computer science}
}

@conference{jordan,
    author={Fabian L. Wauthier and Michael I. Jordan and Nebojsa Jojic},
    title={Efficient Ranking from Pairwise Comparisons},
    journal={Proceedings of the 30th International Conference on Machine Learning},
    year={2013},
    url={https://people.eecs.berkeley.edu/~jordan/papers/wauthier-jordan-jojic-icml13.pdf},
    keywords={machine learning}
}

@article{hayek,
	title={The Use of Knowledge in Society},
	author={Friedrich A. Hayek},
	journal={American Economic Review},
	year={1945},
	url={http://www.econlib.org/library/Essays/hykKnw1.html},
	keywords={economics}
}

@article{coase,
	title={The Problem of Social Cost},
	author={Ronald H. Coase},
	journal={The Journal of Law and Economics},
	year={1960},
	url={http://econ.ucsb.edu/~tedb/Courses/UCSBpf/readings/coase.pdf},
	keywords={economics, law}
}

@article{eisenberg,
	title={The Relation between Ecology and Social Structure in Primates},
	author={J. F. Eisenberg and N. A. Muckenhirn and R. Rudrane},
	journal={Science},
	year={1972},
	url={http://www.jstor.org/stable/1733777},
	keywords={anthropology, ecology}
}

@article{freedman,
	title={Some Issues in the Foundation of Statistics},
	author={David Freedman},
	journal={Foundations of Science},
	year={1995},
	url={https://mangellabs.soe.ucsc.edu/sites/default/files/16/freedman_antibayes.pdf},
	keywords={anthropology, ecology}
}

@article{barry,
	title={vTaiwain: Public Participation Methods on the Cyberpunk Frontier of Democracy},
	author={Liz Barry},
	journal={Civicist},
	year={2016},
	url={http://civichall.org/civicist/vtaiwan-democracy-frontier/},
	keywords={political science}
}

@article{lin,
	title={Job autonomy, its predispositions and its relation to work outcomes in community health centers in Taiwan},
	author={Blossom Yen-Ju Lin and Yung-Kai Lin and Cheng-Chieh Lin and Tien-Tse Lin},
	journal={Health Promotion International},
	year={2013},
	url={http://heapro.oxfordjournals.org/content/28/2/166},
	keywords={sociology, business}
}

@article{rosch:1973,
	title={Natural Categories},
	author={Eleanor Rosch},
	journal={Cognitive Psychology},
	year={1973},
	url={http://philpapers.org/rec/ROSNC},
	keywords={cognitive science}
}

@article{rosch:1975,
	title={Cognitive Representations of Semantic Categories},
	author={Eleanor Rosch},
	journal={Journal of Experimental Psychology},
	year={1975},
	url={http://psycnet.apa.org.ezproxy.cul.columbia.edu/journals/xge/104/3/192.pdf},
	keywords={cognitive science}
}

@article{dasgupta,
	title={An Elementary Proof of a Theorem of Johnson and Lindenstrauss},
	author={Sanjoy Dasgupta and Anupam Gupta},
	journal={Wiley Periodicals},
	year={2002},
	url={http://cseweb.ucsd.edu/~dasgupta/papers/jl.pdf},
	keywords={math}
}

@article{diaconis,
	title={Asymptotics of Graphical Projection Pursuit},
	author={Persi Diaconis and David Freedman},
	journal={The Annals of Statistics},
	year={1984},
	url={http://statweb.stanford.edu/~cgates/PERSI/papers/freedman84.pdf},
	keywords={statistics, math}
}

@article{mikolov,
	title={Efficient Estimation of Word Representations in Vector Space},
	author={Tomas Mikolov and Kai Chen and Greg Corrado and Jeffrey Dean},
	journal={arXiv},
	year={2013},
	url={https://arxiv.org/abs/1301.3781},
	keywords={statistics, math}
}

@article{koren,
	title={Matrix Factorization Techniques for Recommender Systems},
	author={Yehuda Koren and Robert Bell and Chris Volinsky},
	journal={Computer},
	year={2009},
	url={http://dl.acm.org/citation.cfm?id=1608614},
	keywords={machine learning}
}

@article{zumbrin,
	title={SAT Scores and Income Inequality: How Wealthier Kids Rank Higher},
	author={Josh Zumbrin},
	journal={The Wall Street Journal},
	year={2014},
	url={http://blogs.wsj.com/economics/2014/10/07/sat-scores-and-income-inequality-how-wealthier-kids-rank-higher/},
	keywords={education}
}

@article{blei,
	title={Latent Dirichlet Allocation},
	author={David M. Blei and Andrew Y. Ng and Michael I. Jordan},
	journal={Journal of Machine Learning Research},
	year={2003},
	url={https://www.cs.princeton.edu/~blei/papers/BleiNgJordan2003.pdf},
	keywords={machine learning}
}

@article{friedler,
	title={On the (im)possibility of fairness},
	author={Sorelle A. Friedler and Carlos Scheidegger and Suresh Venkatasubramanian},
	journal={arXiv},
	year={2016},
	url={https://arxiv.org/abs/1609.07236},
	keywords={machine learning}
}

@article{tramer,
	title={FairTest: Discovering Unwarranted Associations in Data-Driven Applications},
	author={Florian Tram{\`e}r and Vaggelis Atlidakis and Roxana Geambasu and Daniel Hsu and Jean-Pierre Hubaux and Mathias Humbert and Ari Juels and Huang Lin},
	journal={arXiv},
	year={2015},
	url={https://arxiv.org/abs/1510.02377},
	keywords={machine learning}
}

@article{wainwright,
	title={Graphical Models, Exponential Families, and Variational Inference},
	author={Martin J. Wainwright and Michael I. Jordan},
	journal={Foundations and Trends in Machine Learning},
	year={2008},
	url={https://people.eecs.berkeley.edu/~wainwrig/Papers/WaiJor08_FTML.pdf},
	keywords={machine learning}
}

@article{salganik:2015,
	title={Wiki Surveys: Open and Quantifiable Social Data Collection},
	author={Matthew J. Salganik and Karen E. C. Levy},
	journal={PLoS ONE},
	year={2015},
	url={http://dx.doi.org/10.1371/journal.pone.0123483},
	keywords={social science}
}

@article{lin:2016,
	title={Critical Behavior from Deep Dynamics: A Hidden Dimension in Natural Language},
	author={Henry W. Lin and Max Tegmark},
	journal={arXiv},
	year={2016},
	url={https://arxiv.org/abs/1606.06737},
	keywords={machine learning}
}

@article{keener:1993,
	title={The Perron-Frobenius Theorem and the Ranking of Football Teams},
	author={James P. Keener},
	journal={SIAM Review},
	year={1993},
	url={http://www.jstor.org/stable/2132526},
	keywords={machine learning}
}

// INBOOK

@incollection{cosmides,
  author={Leda Cosmides and John Tooby},
  title={Cognitive Adaptations for Social Exchange},
  editor={L. Cosmides and J. Tooby and J. Barkow},
  booktitle={The Adapted Mind: Evolutionary Psychology and the Generation of Culture},
  publisher={Oxford University Press},
  year={1992},
  chapter={3},
}

// MISC

@music{carlin,
  author={Dan Carlin},
  title={Prophets of Doom},
  year={2013},
  series={Hardcore History},
  url={http://www.dancarlin.com/product/hardcore-history-48-prophets-of-doom/}
}

@music{hamlin,
  author={Aaron Hamlin},
  title={Podcast 2012-10-06: Interview with Nobel Laureate Dr. Kenneth Arrow},
  year={2012},
  series={},
  url={https://electology.org/podcasts/2012-10-06_kenneth_arrow}
}